@article{hamilton2014digital,
  title={Digital pathology and image analysis in tissue biomarker research},
  author={Hamilton, Peter W and Bankhead, Peter and Wang, Yinhai and Hutchinson, Ryan and Kieran, Declan and McArt, Darragh G and James, Jacqueline and Salto-Tellez, Manuel},
  journal={Methods},
  volume={70},
  number={1},
  pages={59--73},
  year={2014},
  publisher={Elsevier}
}

